@book{vazirani2010,
  author = {Vazirani, Vijay V.},
  title  = {Approximation Algorithms},
  year   = {2010}
}

@online{wikipedia2021,
  author  = {Wikipedia contributors},
  title   = {頂点被覆},
  url     = {https://ja.wikipedia.org/wiki/頂点被覆#cite_note-6},
  urldate = {\today},
  year    = 2021
}
